@article{cormen,
  journal={Introduction to algorithms, Third Edition},
  author={Cormen, TH and Leiserson, CE and Rivest, RL and Stein, C},
  year={2009},
  number={3rd ed. MIT Press}
}
@article{hoare,
 author = {Hoare, C. A. R.},
 title = {Algorithm 64: Quicksort.},
 journal = {Communications of ACM 4,},
 volume = {7},
 number = {},
 month = {},
 year = {1961},
 pages = {321-},
} 
@article{martin,
 author = {Martin, W. A.},
 title = {Sorting.},
 journal = {ACM Computing Survey 3,},
 volume = {4},
 number = {},
 month = {},
 year = {1971},
 pages = {147-174},
} 
@inproceedings{roy,
  title={An energy complexity model for algorithms},
  author={Roy, Swapnoneel and Rudra, Atri and Verma, Akshat},
  booktitle={Proceedings of the 4th conference on Innovations in Theoretical Computer Science},
  pages={283--304},
  year={2013},
  organization={ACM}
}
